<record><leader>00000cas a22000007a 4500</leader><controlfield tag="001">12100284</controlfield><controlfield tag="008">850531d19171969njuwr ne      0    0eng d</controlfield><datafield ind1=" " ind2=" " tag="010"><subfield code="a">sn 85035623 </subfield></datafield><datafield ind1=" " ind2=" " tag="040"><subfield code="a">NPA</subfield><subfield code="b">eng</subfield><subfield code="c">NPA</subfield><subfield code="d">NJW</subfield><subfield code="d">NVK</subfield><subfield code="d">OCLCQ</subfield><subfield code="d">OCLCF</subfield><subfield code="d">OCLCO</subfield></datafield><datafield ind1="1" ind2=" " tag="029"><subfield code="a">AU@</subfield><subfield code="b">000020379375</subfield></datafield><datafield ind1=" " ind2=" " tag="042"><subfield code="a">msc</subfield></datafield><datafield ind1=" " ind2=" " tag="043"><subfield code="a">n-us-nj</subfield></datafield><datafield ind1="0" ind2="0" tag="245"><subfield code="a">High Bridge gazette.</subfield></datafield><datafield ind1=" " ind2=" " tag="260"><subfield code="a">High Bridge, N.J. :</subfield><subfield code="b">High Bridge Print. Co.,</subfield><subfield code="c">1917-1969.</subfield></datafield><datafield ind1=" " ind2=" " tag="300"><subfield code="a">v. :</subfield><subfield code="b">ill. ;</subfield><subfield code="c">58 cm.</subfield></datafield><datafield ind1=" " ind2=" " tag="310"><subfield code="a">Weekly</subfield></datafield><datafield ind1="0" ind2=" " tag="362"><subfield code="a">37th yr., no. 33 (Mar. 29, 1917)-63rd yr., no. 27 (Apr. 29, 1943); v. 63, no. 28 (May 6, 1943)-v. 89, no. 24 (May 8, 1969).</subfield></datafield><datafield ind1=" " ind2=" " tag="530"><subfield code="a">Also issued on microfilm by the Rutgers University Libraries.</subfield></datafield><datafield ind1=" " ind2="0" tag="651"><subfield code="a">High Bridge (N.J.)</subfield><subfield code="v">Newspapers.</subfield></datafield><datafield ind1=" " ind2="7" tag="655"><subfield code="a">Newspapers.</subfield><subfield code="2">fast</subfield><subfield code="0">(OCoLC)fst01423814</subfield></datafield><datafield ind1=" " ind2="7" tag="651"><subfield code="a">New Jersey</subfield><subfield code="z">High Bridge.</subfield><subfield code="2">fast</subfield><subfield code="0">(OCoLC)fst01223344</subfield></datafield><datafield ind1=" " ind2=" " tag="752"><subfield code="a">United States</subfield><subfield code="b">New Jersey</subfield><subfield code="c">Hunterdon</subfield><subfield code="d">High Bridge.</subfield></datafield><datafield ind1="0" ind2="0" tag="780"><subfield code="t">Hunterdon gazette</subfield><subfield code="w">(DLC)sn 85035619</subfield><subfield code="w">(OCoLC)12100144</subfield></datafield><datafield ind1="0" ind2="7" tag="785"><subfield code="t">Hunterdon review</subfield><subfield code="w">(DLC)sn 85035622</subfield><subfield code="w">(OCoLC)12100068</subfield></datafield><datafield ind1="0" ind2="7" tag="785"><subfield code="t">Hunterdon review and the High Bridge gazette</subfield><subfield code="w">(DLC)sn 83004718</subfield><subfield code="w">(OCoLC)10012916</subfield></datafield></record>